00825cas a22002531a 4500
001 999324433502836
003 Nz
005 20200214085515.0
008 040113d18711872nz dr ne      0   a0eng  
035    $a (NLNZils)932443
035    $a (Nz)8183958
035    $a (NLNZils)932443-ilsdb
035    $a (OCoLC)173423322
040    $a NZNB $c NZNB
042    $a nznb
043    $a u-nz---
245 00 $a Thames guardian and mining record.
260    $a Grahamstown [N.Z.] : $b printed and published by the proprietor Claude French Corlett, $c 1871-[1872]
300    $a v. ; $c 54 cm.
310    $a Daily
362 1  $a Began with vol. 1, no. 1 (Oct. 7, 1871); ceased in 1872
651  0 $a Thames (N.Z.) $v Newspapers.
655  7 $a New Zealand newspapers. $2 local $5 Nz
776 08 $i Online version: $t Thames guardian and mining record $w (Nz)9918199638002836
